<record xmlns='http://www.loc.gov/MARC21/slim'><leader>01484cim a22003372u 4500</leader><controlfield tag='001'>3602012</controlfield><controlfield tag='005'>20151214183014.0</controlfield><controlfield tag='007'>ss|lmnjluz|nuu</controlfield><controlfield tag='008'>991101s1988    nyunnn         l    eng d</controlfield><datafield ind1=' ' ind2=' ' tag='035'><subfield code='a'>(NIC)notisASF9077</subfield></datafield><datafield ind1=' ' ind2=' ' tag='035'><subfield code='a'>3602012</subfield></datafield><datafield ind1=' ' ind2=' ' tag='035'><subfield code='a'>(OCoLC)63898636</subfield></datafield><datafield ind1=' ' ind2=' ' tag='040'><subfield code='a'>NIC</subfield><subfield code='c'>NIC</subfield><subfield code='d'>NIC</subfield><subfield code='d'>NIC</subfield></datafield><datafield ind1='1' ind2=' ' tag='100'><subfield code='a'>Lustig, Arnost.</subfield></datafield><datafield ind1='1' ind2='0' tag='245'><subfield code='a'>Screening of Transport to Paradise&apos;</subfield><subfield code='h'>[sound recording]</subfield></datafield><datafield ind1=' ' ind2=' ' tag='260'><subfield code='c'>1988.</subfield></datafield><datafield ind1=' ' ind2=' ' tag='300'><subfield code='a'>1 sound cassette :</subfield><subfield code='b'>analog, mono.</subfield></datafield><datafield ind1=' ' ind2=' ' tag='500'><subfield code='a'>Recorded in Ithaca, NY by Cornell University.</subfield></datafield><datafield ind1=' ' ind2=' ' tag='500'><subfield code='a'>Sponsored by: Council on the Creative and Performing Arts,Music, Department of,Russian Literature, Department of,Theatre Arts, Department of,New York Council for the Humanities.</subfield></datafield><datafield ind1=' ' ind2=' ' tag='500'><subfield code='a'>Speaker(s): Lustig is a novelist.</subfield></datafield><datafield ind1=' ' ind2=' ' tag='518'><subfield code='a'>Panel, November 5, 1988.</subfield></datafield><datafield ind1=' ' ind2=' ' tag='520'><subfield code='a'>Lustig, who wrote the screenplay to the film &quot;Transport to Paradise&quot;, depicting the plight of Jews during Nazi domination in Germany, gives an introduction to the film.</subfield></datafield><datafield ind1=' ' ind2='0' tag='650'><subfield code='a'>Motion pictures</subfield><subfield code='z'>Czechoslovakia.</subfield></datafield><datafield ind1=' ' ind2='0' tag='651'><subfield code='a'>Czechoslovakia</subfield><subfield code='x'>Intellectual life.</subfield></datafield><datafield ind1=' ' ind2='7' tag='650'><subfield code='a'>Intellectual life</subfield><subfield code='2'>fast</subfield><subfield code='0'>(OCoLC)fst00975769</subfield></datafield><datafield ind1=' ' ind2='7' tag='650'><subfield code='a'>Motion pictures</subfield><subfield code='2'>fast</subfield><subfield code='0'>(OCoLC)fst01027285</subfield></datafield><datafield ind1=' ' ind2='7' tag='651'><subfield code='a'>Czechoslovakia</subfield><subfield code='2'>fast</subfield><subfield code='0'>(OCoLC)fst01212490</subfield></datafield><datafield ind1=' ' ind2='0' tag='830'><subfield code='a'>Festival of Czech culture</subfield><subfield code='p'>The milieu of Czech literature, film, music: from the 60s to the 80s.</subfield></datafield><datafield ind1='1' ind2=' ' tag='899'><subfield code='a'>CULectures</subfield></datafield><datafield ind1=' ' ind2=' ' tag='905'><subfield code='a'>20000330120000.0</subfield></datafield><datafield ind1='2' ind2=' ' tag='948'><subfield code='a'>20141221</subfield><subfield code='b'>m</subfield><subfield code='d'>batch</subfield><subfield code='e'>lts</subfield><subfield code='x'>addfast</subfield></datafield></record>